@BOOK{opencv,
TITLE = {OpenCV},
PUBLISHER = {OpenCV team},
YEAR = {2017},
}
@BOOK{vision,
TITLE = {VisionWorks},
PUBLISHER = {NVIDIA Corporation},
YEAR = {2017},
}
@BOOK{khronos,
TITLE = {Portable, Power-efficient Vision Processing},
PUBLISHER = {The Khronos Group Inc},
YEAR = {2017},
edition = {2nd Edition},}
@BOOK{dzone,
AUTHOR = { Joyce Echessa},
TITLE = {Image Processing in Python With Pillow},
PUBLISHER = {DZone},
YEAR = {2017},
}

@BOOK{Golumbic2004,
AUTHOR = {M. C. Golumbic},
TITLE = {Algorithmic Graph Theory and Perfect Graphs},
PUBLISHER = {Elsevier Science},
YEAR = {2004},
edition = {2nd Edition},
}

@BOOK{python,
AUTHOR = {Al Lukaszewski},
TITLE = {What Is Python?},
PUBLISHER = {Thought Co.},
YEAR = {2017},
}

@BOOK{cuda,
AUTHOR = {Nvidia},
TITLE = {JetPack},
PUBLISHER = {Nvidia},
YEAR = {2017},

}
@BOOK{ARR,
AUTHOR = {Kurt Hornik},
TITLE = {Frequently Asked Questions on R},
PUBLISHER = {R},
YEAR = {2017},
}

@BOOK{ARR,
AUTHOR = {Kurt Hornik},
TITLE = {Frequently Asked Questions on R},
PUBLISHER = {R},
YEAR = {2017},
}

@BOOK{bsd,
AUTHOR = {Greg Lehey},
TITLE = {Explaining BSD},
PUBLISHER = {BSD},
YEAR = {2017},
}

@BOOK{win,

TITLE = {Windows 10 Internet of Things,
PUBLISHER = {Microsoft},
YEAR = {2017},
}
